2023-07-06 13:26:09.172 | DEBUG    | __main__:build_message:29 - {'e': 'ORDER_TRADE_UPDATE', 'T': 1688639168057, 'E': 1688639168060, 'o': {'s': 'BTCBUSD', 'c': 'web_rfzab2Ja5lckGCmcl76M', 'S': 'BUY', 'o': 'MARKET', 'f': 'GTC', 'q': '0.001', 'p': '0', 'ap': '0', 'sp': '0', 'x': 'NEW', 'X': 'NEW', 'i': 48355459105, 'l': '0', 'z': '0', 'L': '0', 'n': '0', 'N': 'BUSD', 'T': 1688639168057, 't': 0, 'b': '0', 'a': '0', 'm': False, 'R': False, 'wt': 'CONTRACT_PRICE', 'ot': 'MARKET', 'ps': 'LONG', 'cp': False, 'rp': '0', 'pP': False, 'si': 0, 'ss': 0}}
2023-07-06 13:26:09.175 | DEBUG    | __main__:build_message:29 - {'e': 'ORDER_TRADE_UPDATE', 'T': 1688639168057, 'E': 1688639168060, 'o': {'s': 'BTCBUSD', 'c': 'web_rfzab2Ja5lckGCmcl76M', 'S': 'BUY', 'o': 'MARKET', 'f': 'GTC', 'q': '0.001', 'p': '0', 'ap': '31111.9000', 'sp': '0', 'x': 'TRADE', 'X': 'FILLED', 'i': 48355459105, 'l': '0.001', 'z': '0.001', 'L': '31111.9', 'n': '0.00933356', 'N': 'BUSD', 'T': 1688639168057, 't': 471609879, 'b': '0', 'a': '0', 'm': False, 'R': False, 'wt': 'CONTRACT_PRICE', 'ot': 'MARKET', 'ps': 'LONG', 'cp': False, 'rp': '0', 'pP': False, 'si': 0, 'ss': 0}}
2023-07-06 13:26:24.874 | DEBUG    | __main__:build_message:29 - {'e': 'ORDER_TRADE_UPDATE', 'T': 1688639183757, 'E': 1688639183761, 'o': {'s': 'BTCBUSD', 'c': 'web_EB9Tz3k1sHuzNYIxtOoo', 'S': 'SELL', 'o': 'STOP_MARKET', 'f': 'GTE_GTC', 'q': '0', 'p': '0', 'ap': '0', 'sp': '30000', 'x': 'NEW', 'X': 'NEW', 'i': 48355488459, 'l': '0', 'z': '0', 'L': '0', 'n': '0', 'N': 'BUSD', 'T': 1688639183757, 't': 0, 'b': '0', 'a': '0', 'm': False, 'R': True, 'wt': 'MARK_PRICE', 'ot': 'STOP_MARKET', 'ps': 'LONG', 'cp': True, 'rp': '0', 'pP': False, 'si': 0, 'ss': 0}}

2023-07-06 13:26:25.321 | DEBUG    | __main__:build_message:29 - {'e': 'ORDER_TRADE_UPDATE', 'T': 1688639184204, 'E': 1688639184209, 'o': {'s': 'BTCBUSD', 'c': 'web_kfMNbrOOXqqvwoLeo4RC', 'S': 'SELL', 'o': 'TAKE_PROFIT_MARKET', 'f': 'GTE_GTC', 'q': '0', 'p': '0', 'ap': '0', 'sp': '32000', 'x': 'NEW', 'X': 'NEW', 'i': 48355489518, 'l': '0', 'z': '0', 'L': '0', 'n': '0', 'N': 'BUSD', 'T': 1688639184204, 't': 0, 'b': '0', 'a': '0', 'm': False, 'R': True, 'wt': 'MARK_PRICE', 'ot': 'TAKE_PROFIT_MARKET', 'ps': 'LONG', 'cp': True, 'rp': '0', 'pP': False, 'si': 0, 'ss': 0}}

2023-07-06 13:27:54.208 | DEBUG    | __main__:build_message:29 - {'e': 'ORDER_TRADE_UPDATE', 'T': 1688639273088, 'E': 1688639273093, 'o': {'s': 'BTCBUSD', 'c': 'web_TQnp2vV3UeOiREXcvqa5', 'S': 'SELL', 'o': 'MARKET', 'f': 'GTC', 'q': '0.001', 'p': '0', 'ap': '0', 'sp': '0', 'x': 'NEW', 'X': 'NEW', 'i': 48355659034, 'l': '0', 'z': '0', 'L': '0', 'n': '0', 'N': 'BUSD', 'T': 1688639273088, 't': 0, 'b': '0', 'a': '0', 'm': False, 'R': True, 'wt': 'CONTRACT_PRICE', 'ot': 'MARKET', 'ps': 'LONG', 'cp': False, 'rp': '0', 'pP': False, 'si': 0, 'ss': 0}}

2023-07-06 13:27:54.222 | DEBUG    | __main__:build_message:29 - {'e': 'ORDER_TRADE_UPDATE', 'T': 1688639273088, 'E': 1688639273093, 'o': {'s': 'BTCBUSD', 'c': 'web_TQnp2vV3UeOiREXcvqa5', 'S': 'SELL', 'o': 'MARKET', 'f': 'GTC', 'q': '0.001', 'p': '0', 'ap': '31104.8000', 'sp': '0', 'x': 'TRADE', 'X': 'FILLED', 'i': 48355659034, 'l': '0.001', 'z': '0.001', 'L': '31104.8', 'n': '0.00933144', 'N': 'BUSD', 'T': 1688639273088, 't': 471610023, 'b': '0', 'a': '0', 'm': False, 'R': True, 'wt': 'CONTRACT_PRICE', 'ot': 'MARKET', 'ps': 'LONG', 'cp': False, 'rp': '-0.00709999', 'pP': False, 'si': 0, 'ss': 0}}
2023-07-06 13:27:54.348 | DEBUG    | __main__:build_message:29 - {'e': 'ORDER_TRADE_UPDATE', 'T': 1688639273088, 'E': 1688639273093, 'o': {'s': 'BTCBUSD', 'c': 'web_EB9Tz3k1sHuzNYIxtOoo', 'S': 'SELL', 'o': 'STOP_MARKET', 'f': 'GTE_GTC', 'q': '0', 'p': '0', 'ap': '0', 'sp': '30000', 'x': 'EXPIRED', 'X': 'EXPIRED', 'i': 48355488459, 'l': '0', 'z': '0', 'L': '0', 'n': '0', 'N': 'BUSD', 'T': 1688639273088, 't': 0, 'b': '0', 'a': '0', 'm': False, 'R': True, 'wt': 'MARK_PRICE', 'ot': 'STOP_MARKET', 'ps': 'LONG', 'cp': True, 'rp': '0', 'pP': False, 'si': 0, 'ss': 0}}
2023-07-06 13:27:54.354 | DEBUG    | __main__:build_message:29 - {'e': 'ORDER_TRADE_UPDATE', 'T': 1688639273088, 'E': 1688639273093, 'o': {'s': 'BTCBUSD', 'c': 'web_kfMNbrOOXqqvwoLeo4RC', 'S': 'SELL', 'o': 'TAKE_PROFIT_MARKET', 'f': 'GTE_GTC', 'q': '0', 'p': '0', 'ap': '0', 'sp': '32000', 'x': 'EXPIRED', 'X': 'EXPIRED', 'i': 48355489518, 'l': '0', 'z': '0', 'L': '0', 'n': '0', 'N': 'BUSD', 'T': 1688639273088, 't': 0, 'b': '0', 'a': '0', 'm': False, 'R': True, 'wt': 'MARK_PRICE', 'ot': 'TAKE_PROFIT_MARKET', 'ps': 'LONG', 'cp': True, 'rp': '0', 'pP': False, 'si': 0, 'ss': 0}}
2023-07-06 13:27:54.563 | DEBUG    | __main__:build_message:29 - {'e': 'ORDER_TRADE_UPDATE', 'T': 1688639273442, 'E': 1688639273448, 'o': {'s': 'BTCBUSD', 'c': 'web_c1qRmtB0w9sFA3HvIjtv', 'S': 'SELL', 'o': 'MARKET', 'f': 'GTC', 'q': '0.001', 'p': '0', 'ap': '0', 'sp': '0', 'x': 'NEW', 'X': 'NEW', 'i': 48355659752, 'l': '0', 'z': '0', 'L': '0', 'n': '0', 'N': 'BUSD', 'T': 1688639273442, 't': 0, 'b': '0', 'a': '0', 'm': False, 'R': False, 'wt': 'CONTRACT_PRICE', 'ot': 'MARKET', 'ps': 'SHORT', 'cp': False, 'rp': '0', 'pP': False, 'si': 0, 'ss': 0}}
2023-07-06 13:27:54.576 | DEBUG    | __main__:build_message:29 - {'e': 'ORDER_TRADE_UPDATE', 'T': 1688639273442, 'E': 1688639273448, 'o': {'s': 'BTCBUSD', 'c': 'web_c1qRmtB0w9sFA3HvIjtv', 'S': 'SELL', 'o': 'MARKET', 'f': 'GTC', 'q': '0.001', 'p': '0', 'ap': '31104.8000', 'sp': '0', 'x': 'TRADE', 'X': 'FILLED', 'i': 48355659752, 'l': '0.001', 'z': '0.001', 'L': '31104.8', 'n': '0.00933144', 'N': 'BUSD', 'T': 1688639273442, 't': 471610024, 'b': '0', 'a': '0', 'm': False, 'R': False, 'wt': 'CONTRACT_PRICE', 'ot': 'MARKET', 'ps': 'SHORT', 'cp': False, 'rp': '0', 'pP': False, 'si': 0, 'ss': 0}}
2023-07-06 13:28:36.072 | DEBUG    | __main__:build_message:29 - {'e': 'ORDER_TRADE_UPDATE', 'T': 1688639314953, 'E': 1688639314956, 'o': {'s': 'BTCBUSD', 'c': 'web_QvKZBkwChjNzsHMMtkDA', 'S': 'BUY', 'o': 'MARKET', 'f': 'GTC', 'q': '0.001', 'p': '0', 'ap': '0', 'sp': '0', 'x': 'NEW', 'X': 'NEW', 'i': 48355758592, 'l': '0', 'z': '0', 'L': '0', 'n': '0', 'N': 'BUSD', 'T': 1688639314953, 't': 0, 'b': '0', 'a': '0', 'm': False, 'R': True, 'wt': 'CONTRACT_PRICE', 'ot': 'MARKET', 'ps': 'SHORT', 'cp': False, 'rp': '0', 'pP': False, 'si': 0, 'ss': 0}}
2023-07-06 13:28:36.085 | DEBUG    | __main__:build_message:29 - {'e': 'ORDER_TRADE_UPDATE', 'T': 1688639314953, 'E': 1688639314957, 'o': {'s': 'BTCBUSD', 'c': 'web_QvKZBkwChjNzsHMMtkDA', 'S': 'BUY', 'o': 'MARKET', 'f': 'GTC', 'q': '0.001', 'p': '0', 'ap': '31104.9000', 'sp': '0', 'x': 'TRADE', 'X': 'FILLED', 'i': 48355758592, 'l': '0.001', 'z': '0.001', 'L': '31104.9', 'n': '0.00933147', 'N': 'BUSD', 'T': 1688639314953, 't': 471610054, 'b': '0', 'a': '0', 'm': False, 'R': True, 'wt': 'CONTRACT_PRICE', 'ot': 'MARKET', 'ps': 'SHORT', 'cp': False, 'rp': '-0.00009999', 'pP': False, 'si': 0, 'ss': 0}}
2023-07-06 13:31:49.322 | DEBUG    | __main__:build_message:29 - {'e': 'ORDER_TRADE_UPDATE', 'T': 1688639508200, 'E': 1688639508204, 'o': {'s': 'BTCBUSD', 'c': 'web_b6lHYxNvIAvZv5tMnRRf', 'S': 'BUY', 'o': 'MARKET', 'f': 'GTC', 'q': '0.001', 'p': '0', 'ap': '0', 'sp': '0', 'x': 'NEW', 'X': 'NEW', 'i': 48356141125, 'l': '0', 'z': '0', 'L': '0', 'n': '0', 'N': 'BUSD', 'T': 1688639508200, 't': 0, 'b': '0', 'a': '0', 'm': False, 'R': False, 'wt': 'CONTRACT_PRICE', 'ot': 'MARKET', 'ps': 'LONG', 'cp': False, 'rp': '0', 'pP': False, 'si': 0, 'ss': 0}}
2023-07-06 13:31:49.328 | DEBUG    | __main__:build_message:29 - {'e': 'ORDER_TRADE_UPDATE', 'T': 1688639508200, 'E': 1688639508204, 'o': {'s': 'BTCBUSD', 'c': 'web_b6lHYxNvIAvZv5tMnRRf', 'S': 'BUY', 'o': 'MARKET', 'f': 'GTC', 'q': '0.001', 'p': '0', 'ap': '31124.5000', 'sp': '0', 'x': 'TRADE', 'X': 'FILLED', 'i': 48356141125, 'l': '0.001', 'z': '0.001', 'L': '31124.5', 'n': '0.00933735', 'N': 'BUSD', 'T': 1688639508200, 't': 471610813, 'b': '0', 'a': '0', 'm': False, 'R': False, 'wt': 'CONTRACT_PRICE', 'ot': 'MARKET', 'ps': 'LONG', 'cp': False, 'rp': '0', 'pP': False, 'si': 0, 'ss': 0}}
2023-07-06 13:32:44.618 | DEBUG    | __main__:build_message:29 - {'e': 'ORDER_TRADE_UPDATE', 'T': 1688639563495, 'E': 1688639563499, 'o': {'s': 'BTCBUSD', 'c': 'web_rliOeWbIOYDBTh4GIq2k', 'S': 'SELL', 'o': 'MARKET', 'f': 'GTC', 'q': '0.001', 'p': '0', 'ap': '0', 'sp': '0', 'x': 'NEW', 'X': 'NEW', 'i': 48356274015, 'l': '0', 'z': '0', 'L': '0', 'n': '0', 'N': 'BUSD', 'T': 1688639563495, 't': 0, 'b': '0', 'a': '0', 'm': False, 'R': False, 'wt': 'CONTRACT_PRICE', 'ot': 'MARKET', 'ps': 'SHORT', 'cp': False, 'rp': '0', 'pP': False, 'si': 0, 'ss': 0}}
2023-07-06 13:32:44.631 | DEBUG    | __main__:build_message:29 - {'e': 'ORDER_TRADE_UPDATE', 'T': 1688639563495, 'E': 1688639563499, 'o': {'s': 'BTCBUSD', 'c': 'web_rliOeWbIOYDBTh4GIq2k', 'S': 'SELL', 'o': 'MARKET', 'f': 'GTC', 'q': '0.001', 'p': '0', 'ap': '31115', 'sp': '0', 'x': 'TRADE', 'X': 'FILLED', 'i': 48356274015, 'l': '0.001', 'z': '0.001', 'L': '31115', 'n': '0.00933450', 'N': 'BUSD', 'T': 1688639563495, 't': 471610937, 'b': '0', 'a': '0', 'm': False, 'R': False, 'wt': 'CONTRACT_PRICE', 'ot': 'MARKET', 'ps': 'SHORT', 'cp': False, 'rp': '0', 'pP': False, 'si': 0, 'ss': 0}}
2023-07-06 13:34:31.639 | DEBUG    | __main__:build_message:29 - {'e': 'ORDER_TRADE_UPDATE', 'T': 1688639670515, 'E': 1688639670519, 'o': {'s': 'BTCBUSD', 'c': 'web_c49jaQsiMjAG2CVN3aUW', 'S': 'SELL', 'o': 'MARKET', 'f': 'GTC', 'q': '0.001', 'p': '0', 'ap': '0', 'sp': '0', 'x': 'NEW', 'X': 'NEW', 'i': 48356461977, 'l': '0', 'z': '0', 'L': '0', 'n': '0', 'N': 'BUSD', 'T': 1688639670515, 't': 0, 'b': '0', 'a': '0', 'm': False, 'R': True, 'wt': 'CONTRACT_PRICE', 'ot': 'MARKET', 'ps': 'LONG', 'cp': False, 'rp': '0', 'pP': False, 'si': 0, 'ss': 0}}
2023-07-06 13:34:31.642 | DEBUG    | __main__:build_message:29 - {'e': 'ORDER_TRADE_UPDATE', 'T': 1688639670515, 'E': 1688639670520, 'o': {'s': 'BTCBUSD', 'c': 'web_c49jaQsiMjAG2CVN3aUW', 'S': 'SELL', 'o': 'MARKET', 'f': 'GTC', 'q': '0.001', 'p': '0', 'ap': '31100', 'sp': '0', 'x': 'TRADE', 'X': 'FILLED', 'i': 48356461977, 'l': '0.001', 'z': '0.001', 'L': '31100', 'n': '0.00933000', 'N': 'BUSD', 'T': 1688639670515, 't': 471611247, 'b': '0', 'a': '0', 'm': False, 'R': True, 'wt': 'CONTRACT_PRICE', 'ot': 'MARKET', 'ps': 'LONG', 'cp': False, 'rp': '-0.02450000', 'pP': False, 'si': 0, 'ss': 0}}
2023-07-06 13:35:38.002 | DEBUG    | __main__:build_message:29 - {'e': 'ORDER_TRADE_UPDATE', 'T': 1688639736878, 'E': 1688639736881, 'o': {'s': 'BTCBUSD', 'c': 'web_pCLxyZH5k15IokGwsDD2', 'S': 'BUY', 'o': 'MARKET', 'f': 'GTC', 'q': '0.001', 'p': '0', 'ap': '0', 'sp': '0', 'x': 'NEW', 'X': 'NEW', 'i': 48356589919, 'l': '0', 'z': '0', 'L': '0', 'n': '0', 'N': 'BUSD', 'T': 1688639736878, 't': 0, 'b': '0', 'a': '0', 'm': False, 'R': True, 'wt': 'CONTRACT_PRICE', 'ot': 'MARKET', 'ps': 'SHORT', 'cp': False, 'rp': '0', 'pP': False, 'si': 0, 'ss': 0}}
2023-07-06 13:35:38.008 | DEBUG    | __main__:build_message:29 - {'e': 'ORDER_TRADE_UPDATE', 'T': 1688639736878, 'E': 1688639736881, 'o': {'s': 'BTCBUSD', 'c': 'web_pCLxyZH5k15IokGwsDD2', 'S': 'BUY', 'o': 'MARKET', 'f': 'GTC', 'q': '0.001', 'p': '0', 'ap': '31086.9000', 'sp': '0', 'x': 'TRADE', 'X': 'FILLED', 'i': 48356589919, 'l': '0.001', 'z': '0.001', 'L': '31086.9', 'n': '0.00932607', 'N': 'BUSD', 'T': 1688639736878, 't': 471611514, 'b': '0', 'a': '0', 'm': False, 'R': True, 'wt': 'CONTRACT_PRICE', 'ot': 'MARKET', 'ps': 'SHORT', 'cp': False, 'rp': '0.02810000', 'pP': False, 'si': 0, 'ss': 0}}
2023-07-06 13:37:20.157 | DEBUG    | __main__:build_message:29 - {'e': 'ORDER_TRADE_UPDATE', 'T': 1688639839028, 'E': 1688639839033, 'o': {'s': 'BTCBUSD', 'c': 'web_6zexfSyT3f1jvump6AFR', 'S': 'BUY', 'o': 'MARKET', 'f': 'GTC', 'q': '0.001', 'p': '0', 'ap': '0', 'sp': '0', 'x': 'NEW', 'X': 'NEW', 'i': 48356784802, 'l': '0', 'z': '0', 'L': '0', 'n': '0', 'N': 'BUSD', 'T': 1688639839028, 't': 0, 'b': '0', 'a': '0', 'm': False, 'R': False, 'wt': 'CONTRACT_PRICE', 'ot': 'MARKET', 'ps': 'LONG', 'cp': False, 'rp': '0', 'pP': False, 'si': 0, 'ss': 0}}
2023-07-06 13:37:20.169 | DEBUG    | __main__:build_message:29 - {'e': 'ORDER_TRADE_UPDATE', 'T': 1688639839028, 'E': 1688639839033, 'o': {'s': 'BTCBUSD', 'c': 'web_6zexfSyT3f1jvump6AFR', 'S': 'BUY', 'o': 'MARKET', 'f': 'GTC', 'q': '0.001', 'p': '0', 'ap': '31084.6000', 'sp': '0', 'x': 'TRADE', 'X': 'FILLED', 'i': 48356784802, 'l': '0.001', 'z': '0.001', 'L': '31084.6', 'n': '0.00932538', 'N': 'BUSD', 'T': 1688639839028, 't': 471611863, 'b': '0', 'a': '0', 'm': False, 'R': False, 'wt': 'CONTRACT_PRICE', 'ot': 'MARKET', 'ps': 'LONG', 'cp': False, 'rp': '0', 'pP': False, 'si': 0, 'ss': 0}}

2023-07-06 13:37:27.478 | DEBUG    | __main__:build_message:29 - {'e': 'ORDER_TRADE_UPDATE', 'T': 1688639846351, 'E': 1688639846355, 'o': {'s': 'BTCBUSD', 'c': 'web_4V3FsmbIssBix2eGeWmR', 'S': 'SELL', 'o': 'MARKET', 'f': 'GTC', 'q': '0.001', 'p': '0', 'ap': '0', 'sp': '0', 'x': 'NEW', 'X': 'NEW', 'i': 48356813536, 'l': '0', 'z': '0', 'L': '0', 'n': '0', 'N': 'BUSD', 'T': 1688639846351, 't': 0, 'b': '0', 'a': '0', 'm': False, 'R': True, 'wt': 'CONTRACT_PRICE', 'ot': 'MARKET', 'ps': 'LONG', 'cp': False, 'rp': '0', 'pP': False, 'si': 0, 'ss': 0}}
2023-07-06 13:37:27.481 | DEBUG    | __main__:build_message:29 - {'e': 'ORDER_TRADE_UPDATE', 'T': 1688639846351, 'E': 1688639846355, 'o': {'s': 'BTCBUSD', 'c': 'web_4V3FsmbIssBix2eGeWmR', 'S': 'SELL', 'o': 'MARKET', 'f': 'GTC', 'q': '0.001', 'p': '0', 'ap': '31075.6000', 'sp': '0', 'x': 'TRADE', 'X': 'FILLED', 'i': 48356813536, 'l': '0.001', 'z': '0.001', 'L': '31075.6', 'n': '0.00932268', 'N': 'BUSD', 'T': 1688639846351, 't': 471611970, 'b': '0', 'a': '0', 'm': False, 'R': True, 'wt': 'CONTRACT_PRICE', 'ot': 'MARKET', 'ps': 'LONG', 'cp': False, 'rp': '-0.00899999', 'pP': False, 'si': 0, 'ss': 0}}
